@inproceedings{jiang2008ieee,
    title={{IEEE 802.11 p: Towards an international standard for wireless access in vehicular environments}},
    author={Jiang, Daniel and Delgrossi, Luca},
    booktitle={Vehicular Technology Conference, 2008. VTC Spring 2008. IEEE},
    pages={2036--2040},
    year={2008},
    organization={IEEE}
}
@inproceedings{varga2001omnetpp,
    title={{The OMNeT++ discrete event simulation system}},
    author={Varga, Andr{\'a}s and others},
    booktitle={Proceedings of the European simulation multiconference (ESM’2001)},
    volume={9},
    number={S 185},
    pages={65},
    year={2001},
    organization={sn}
}
@inproceedings{sommer2008need,
    title={{On the need for bidirectional coupling of road traffic microsimulation and network simulation}},
    author={Sommer, Christoph and Yao, Zheng and German, Reinhard and Dressler, Falko},
    booktitle={Proceedings of the 1st ACM SIGMOBILE workshop on Mobility models},
    pages={41--48},
    year={2008},
    organization={ACM}
}
@article{sommer2008progressing,
    title={{Progressing toward realistic mobility models in VANET simulations}},
    author={Sommer, Christoph and Dressler, Falko},
    journal={Communications Magazine, IEEE},
    volume={46},
    number={11},
    pages={132--137},
    year={2008},
    publisher={IEEE}
}
@ARTICLE{ivc,
    author={Willke, T.L. and Tientrakool, P. and Maxemchuk, N.F.},
    journal={Communications Surveys Tutorials, IEEE},
    title={{A survey of inter-vehicle communication protocols and their applications}},
    year={2009},
    volume={11},
    number={2},
    pages={3-20},
    doi={10.1109/SURV.2009.090202},
    ISSN={1553-877X},
    month={June}}
@article{abolhasan2004review,
    title={{A review of routing protocols for mobile ad hoc networks}},
    author={Abolhasan, Mehran and Wysocki, Tadeusz and Dutkiewicz, Eryk},
    journal={Ad hoc networks},
    volume={2},
    number={1},
    pages={1--22},
    year={2004},
    publisher={Elsevier}
}
@book{hartenstein2010vanet,
    title={{VANET: vehicular applications and inter-networking technologies}},
    author={Hartenstein, Hannes and Laberteaux, Kenneth},
    volume={1},
    year={2010},
    publisher={Wiley Online Library}
}
@article{Sanguesa2015vanet,
    AUTHOR = {Sanguesa, Julio A. and Barrachina, Javier and Fogue, Manuel and Garrido, Piedad and Martinez, Francisco J. and Cano, Juan-Carlos and Calafate, Carlos T. and Manzoni, Pietro},
    TITLE = {{Sensing Traffic Density Combining V2V and V2I Wireless Communications}},
    JOURNAL = {Sensors},
    VOLUME = {15},
    YEAR = {2015},
    NUMBER = {12},
    PAGES = {29889},
    URL = {http://www.mdpi.com/1424-8220/15/12/29889},
    PubMedID = {26694405},
    ISSN = {1424-8220},
    DOI = {10.3390/s151229889}
}
% book
% Required fields: author or editor, title, publisher, year.
% Optional fields: volume or number, series, address, edition, month, note.
@INPROCEEDINGS{eichler2007performance,
    author={Eichler, S.},
    booktitle={Vehicular Technology Conference, 2007. VTC-2007 Fall. 2007 IEEE 66th},
    title={{Performance Evaluation of the IEEE 802.11p WAVE Communication Standard}},
    year={2007},
    pages={2199-2203},
    doi={10.1109/VETECF.2007.461},
    ISSN={1090-3038},
    month={Sept}}
@inproceedings{CJD_IEEE,
    author={Qi Chen and Jiang, D. and Delgrossi, L.},
    booktitle={{Vehicular Networking Conference (VNC), 2009 IEEE}},
    title={{IEEE 1609.4 DSRC multi-channel operations and its implications on vehicle safety communications}},
    year={2009},
    pages={1-8},
    doi={10.1109/VNC.2009.5416394},
    month={Oct},}

@inproceedings{gupte2012vehicular,
  title={{Vehicular networking for intelligent and autonomous traffic management}},
  author={Gupte, Sanket and Younis, Mohamed},
  booktitle={Communications (ICC), 2012 IEEE International Conference on},
  pages={5306--5310},
  year={2012},
  organization={IEEE}
}
% article
% Required fields: author, title, journal, year.
% Optional fields: volume, number, pages, month, note.

@article{sommer2011bid,
  author = {Sommer, Christoph and German, Reinhard and Dressler, Falko},
  title = {{Bidirectionally Coupled Network and Road Traffic Simulation for Improved IVC Analysis}},
  journal = {IEEE Transactions on Mobile Computing},
  pages = {3-15},
  volume = {10},
  number = {1},
  year = {2011},
  month = {January},
  publisher = {IEEE}
}
@inproceedings{5547184,
    author={Gräfling, S. and Mahonen, P. and Riihijärvi, J.},
    booktitle={Ubiquitous and Future Networks (ICUFN), 2010 Second International Conference on},
    title={{Performance evaluation of IEEE 1609 WAVE and IEEE 802.11p for vehicular communications}},
    year={2010},
    pages={344-348},
    doi={10.1109/ICUFN.2010.5547184},
    month={June},
}
% conference
% same as inproceedings
% Required fields: author, title, booktitle, year.
% Optional fields: editor, volume or number, series, pages, address, month, organization, publisher, note

% website
% as misc
% Required fields: none.
% Optional fields: author, title, howpublished, month, year, note.
@misc{c2ccc,
  title = {Car 2 Car Communication Consortium},
  howpublished = {{https://www.car-2-car.org}
}
}
@ARTICLE{1609.3,
    journal={IEEE Std 1609.3-2010 (Revision of IEEE Std 1609.3-2007)},
    title={{IEEE Standard for Wireless Access in Vehicular Environments (WAVE) - Networking Services}},
    year={2010},
    pages={1-144},
    doi={10.1109/IEEESTD.2010.5680697},
    month={Dec},}
@ARTICLE{1609.4,
    journal={IEEE Std 1609.4-2010 (Revision of IEEE Std 1609.4-2006)},
    title={{IEEE Standard for Wireless Access in Vehicular Environments (WAVE)--Multi-channel Operation}},
    year={2011},
    pages={1-89},
    doi={10.1109/IEEESTD.2011.5712769},
    month={Feb},}
@misc{fcc,
    title = {{FCC Code of Federation Regulations 47, Part 95 -- Personal Radio Services}},
    year = {2009}
}
@ARTICLE{Szczurek_EBW,
    author={Szczurek, P. and Bo Xu and Wolfson, O. and Jie Lin},
    journal={Intelligent Transportation Systems, IEEE Transactions on},
    title={Estimating Relevance for the Emergency Electronic Brake Light Application},
    year={2012},
    volume={13},
    number={4},
    pages={1638-1656},
    doi={10.1109/TITS.2012.2201257},
    ISSN={1524-9050},
    month={Dec},}
@article{sahoo2014svanet,
    title={{SVANET: A Smart Vehicular Ad Hoc Network for Efficient Data Transmission with Wireless Sensors}},
    author={Sahoo, Prasan Kumar and Chiang, Ming-Jer and Wu, Shih-Lin},
    journal={Sensors},
    volume={14},
    number={12},
    pages={22230--22260},
    year={2014},
    publisher={Multidisciplinary Digital Publishing Institute}
}
@incollection{johnson1996dynamic,
    title={{Dynamic source routing in ad hoc wireless networks}},
    author={Johnson, David B and Maltz, David A},
    booktitle={Mobile computing},
    pages={153--181},
    year={1996},
    publisher={Springer}
}
@inproceedings{mahajan2006urban,
    title={{Urban mobility models for VANETs}},
    author={Mahajan, Atulya and Potnis, Niranjan and Gopalan, Kartik and Wang, Andy},
    booktitle={2nd IEEE International Workshop on Next Generation Wireless Networks},
    volume={33},
    year={2006}
}
@inproceedings{jetcheva2003design,
    title={{Design and evaluation of a metropolitan area multitier wireless ad hoc network architecture}},
    author={Jetcheva, Jorjeta G and Hu, YihChun and PalChaudhuri, Santashil and Saha, Amit Kumar and Johnson, David B},
    booktitle={Mobile Computing Systems and Applications, 2003. Proceedings. Fifth IEEE Workshop on},
    pages={32--43},
    year={2003},
    organization={IEEE}
}
@inproceedings{kopke2008simulating,
    title={{Simulating wireless and mobile networks in OMNeT++ the MiXiM vision}},
    author={K{\"o}pke, Andreas and Swigulski, Michael and Wessel, Karl and Willkomm, Daniel and Haneveld, PT and Parker, Tom EV and Visser, Otto W and Lichte, Hermann S and Valentin, Stefan},
    booktitle={Proceedings of the 1st international conference on Simulation tools and techniques for communications, networks and systems \& workshops},
    pages={71},
    year={2008},
    organization={ICST (Institute for Computer Sciences, Social-Informatics and Telecommunications Engineering)}
}
@phdthesis{krauss1998microscopic,
    title={{Microscopic modeling of traffic flow: Investigation of collision free vehicle dynamics}},
    author={Krau{\ss}, Stefan},
    year={1998},
    school={Universitat zu Koln.}
}
@inproceedings{krajzewicz2002sumo,
    title={{SUMO (Simulation of Urban MObility)-an open-source traffic simulation}},
    author={Krajzewicz, Daniel and Hertkorn, Georg and R{\"o}ssel, Christian and Wagner, Peter},
    booktitle={Proceedings of the 4th Middle East Symposium on Simulation and Modelling (MESM20002)},
    pages={183--187},
    year={2002}
}
@book{kemeny1960finite,
    title={{Finite markov chains}},
    author={Kemeny, John G and Snell, James Laurie and others},
    volume={356},
    year={1960},
    publisher={van Nostrand Princeton, NJ}
}
@article{gilbert1960capacity,
    title={{Capacity of a Burst-Noise Channel}},
    author={Gilbert, Edgar N},
    journal={Bell system technical journal},
    volume={39},
    number={5},
    pages={1253--1265},
    year={1960},
    publisher={Wiley Online Library}
}
@article{shivaldova2013vehicular,
    title={{Vehicular link performance: From real-world experiments to reliability models and performance analysis}},
    author={Shivaldova, Veronika and Winkelbauer, Andreas and Mecklenbr{\"a}uker, Christoph F},
    journal={Vehicular Technology Magazine, IEEE},
    volume={8},
    number={4},
    pages={35--44},
    year={2013},
    publisher={IEEE}
}
@inproceedings{sommer2012applicability,
    author = {Sommer, Christoph and Joerer, Stefan and Dressler, Falko},
    title = {{On the Applicability of Two-Ray Path Loss Models for Vehicular Network Simulation}},
    booktitle = {4th IEEE Vehicular Networking Conference (VNC 2012)},
    pages = {64-69},
    year = {2012},
    month = {November},
    address = {Seoul, Korea},
    publisher = {IEEE},
    doi = {10.1109/VNC.2012.6407446},
}
@inproceedings{eckhoff2012multichannel,
    author = {Eckhoff, David and Sommer, Christoph},
    title = {{A Multi-Channel IEEE 1609.4 and 802.11p EDCA Model for the Veins Framework}},
    booktitle = {5th ACM/ICST International Conference on Simulation Tools and Techniques for Communications, Networks and Systems (SIMUTools 2012): 5th ACM/ICST International Workshop on OMNeT++ (OMNeT++ 2012), Poster Session},
    year = {2012},
    month = {March},
    address = {Desenzano, Italy},
    publisher = {ACM}
}
@inproceedings{segata2014plexe,
    author = {Segata, Michele and Joerer, Stefan and Bloessl, Bastian and Sommer, Christoph and Dressler, Falko and Lo Cigno, Renato},
    title = {{PLEXE: A Platooning Extension for Veins}},
    booktitle = {6th IEEE Vehicular Networking Conference (VNC 2014)},
    pages = {53-60},
    year = {2014},
    month = {December},
    address = {Paderborn, Germany},
    publisher = {IEEE},
    doi = {10.1109/VNC.2014.7013309},
}
